<record xmlns="http://www.loc.gov/MARC21/slim" xmlns:xsi="http://www.w3.org/2001/XMLSchema-instance" xsi:schemaLocation="http://www.loc.gov/MARC21/slim http://www.loc.gov/standards/marcxml/schema/MARC21slim.xsd"><leader>     nam a22        4500</leader><controlfield tag="001">3071401</controlfield><controlfield tag="003">NNC</controlfield><controlfield tag="006">m        d        </controlfield><controlfield tag="007">cr cn |||m|||a</controlfield><controlfield tag="008">150313s1964    iq      ob    000 0 ara c</controlfield><datafield ind1=" " ind2=" " tag="040"><subfield code="a">NNU</subfield><subfield code="b">eng</subfield><subfield code="e">rda</subfield><subfield code="c">NNU</subfield></datafield><datafield ind1="0" ind2="0" tag="050"><subfield code="a">PJ7543</subfield><subfield code="b">.Q3</subfield></datafield><datafield ind1="1" ind2=" " tag="100"><subfield code="6">880-01</subfield><subfield code="a">Qaysi&#772;, Nu&#772;ri&#772; H&#803;ammu&#772;di&#772;.</subfield></datafield><datafield ind1="1" ind2="3" tag="245"><subfield code="6">880-02</subfield><subfield code="a">al-Furu&#772;si&#772;yah fi&#772; al-shi&#699;r al-Ja&#772;hili&#772;</subfield><subfield code="c">[ta&#700;li&#772;f] Nu&#772;ri&#772; H&#803;ammu&#772;di&#772; al-Qaysi&#772;.</subfield></datafield><datafield ind1="1" ind2="4" tag="246"><subfield code="a">Chivalry in pre-Islamic poetry</subfield></datafield><datafield ind1=" " ind2=" " tag="250"><subfield code="6">880-03</subfield><subfield code="a">[al-T&#803;ab&#699;ah 1.].</subfield></datafield><datafield ind1=" " ind2=" " tag="260"><subfield code="6">880-04</subfield><subfield code="a">Baghdad,</subfield><subfield code="b">Maktabat al-Nahd&#803;ah</subfield><subfield code="c">[1964]</subfield></datafield><datafield ind1=" " ind2=" " tag="300"><subfield code="a">online resource (359 pages)</subfield></datafield><datafield ind1=" " ind2=" " tag="336"><subfield code="a">text</subfield><subfield code="2">rdacontent</subfield></datafield><datafield ind1=" " ind2=" " tag="337"><subfield code="a">computer</subfield><subfield code="2">rdamedia</subfield></datafield><datafield ind1=" " ind2=" " tag="338"><subfield code="a">online resource</subfield><subfield code="2">rdacarrier</subfield></datafield><datafield ind1=" " ind2=" " tag="500"><subfield code="a">Originally presented as the author's thesis (M.A.)-- Ja&#772;mi&#699;at al-Qa&#772;hirah.</subfield></datafield><datafield ind1=" " ind2=" " tag="500"><subfield code="a">Part of the Arabic Collections Online (ACO) project, contributed by Columbia University Libraries.</subfield></datafield><datafield ind1=" " ind2=" " tag="504"><subfield code="a">Includes bibliographical references (pages 329-337).</subfield></datafield><datafield ind1=" " ind2=" " tag="533"><subfield code="a">Electronic reproduction.</subfield><subfield code="b">New York, N.Y. :</subfield><subfield code="c">New York University,</subfield><subfield code="d">2015.</subfield><subfield code="5">NNU</subfield></datafield><datafield ind1=" " ind2="0" tag="650"><subfield code="a">Arabic poetry</subfield><subfield code="x">History and criticism.</subfield></datafield><datafield ind1=" " ind2="0" tag="650"><subfield code="a">Chivalry in literature.</subfield></datafield><datafield ind1="2" ind2=" " tag="710"><subfield code="a">Columbia University.</subfield><subfield code="b">Libraries.</subfield></datafield><datafield ind1="0" ind2=" " tag="730"><subfield code="a">Arabic Collections Online.</subfield></datafield><datafield ind1="0" ind2="8" tag="776"><subfield code="i">Online version:</subfield><subfield code="a">Qaysi&#772;, Nu&#772;ri&#772; H&#803;ammu&#772;di&#772;.</subfield><subfield code="t">Furu&#772;si&#772;yah fi&#772; al-shi&#699;r al-Ja&#772;hili&#772;.</subfield><subfield code="b">[al-T&#803;ab&#699;ah 1.].</subfield><subfield code="d">Baghdad, Maktabat al-Nahd&#803;ah [1964]</subfield><subfield code="w">(OCoLC)577754272</subfield></datafield><datafield ind1="0" ind2="8" tag="776"><subfield code="i">Print version:</subfield><subfield code="a">Qaysi&#772;, Nu&#772;ri&#772; H&#803;ammu&#772;di&#772;.</subfield><subfield code="t">al-Furu&#772;si&#772;yah fi&#772; al-shi&#699;r al-Ja&#772;hili&#772;</subfield><subfield code="w">(NNC)3071401</subfield><subfield code="w">(DLC)ne 65000927 </subfield><subfield code="w">(OCoLC)13079258</subfield></datafield><datafield ind1="4" ind2="0" tag="856"><subfield code="u">http://hdl.handle.net/2333.1/7h44j3dh</subfield></datafield><datafield ind1="1" ind2=" " tag="880"><subfield code="6">100-01/r</subfield><subfield code="a">&#1602;&#1610;&#1587;&#1610;&#1548; &#1606;&#1608;&#1585;&#1610; &#1581;&#1605;&#1608;&#1583;&#1610;.</subfield></datafield><datafield ind1="1" ind2="2" tag="880"><subfield code="6">245-02/r</subfield><subfield code="a">&#1575;&#1604;&#1601;&#1585;&#1608;&#1587;&#1610;&#1577; &#1601;&#1610; &#1575;&#1604;&#1588;&#1593;&#1585; &#1575;&#1604;&#1580;&#1575;&#1607;&#1604;&#1610;</subfield><subfield code="c">[&#1578;&#1571;&#1604;&#1610;&#1601;] &#1606;&#1608;&#1585;&#1610; &#1581;&#1605;&#1608;&#1583;&#1610; &#1575;&#1604;&#1602;&#1610;&#1587;&#1610;.</subfield></datafield><datafield ind1=" " ind2=" " tag="880"><subfield code="6">250-03/r</subfield><subfield code="a">[&#1575;&#1604;&#1591;&#1576;&#1593;&#1577; 1.].</subfield></datafield><datafield ind1=" " ind2=" " tag="880"><subfield code="6">260-04/r</subfield><subfield code="a">&#1576;&#1594;&#1583;&#1575;&#1583;&#1548;</subfield><subfield code="b">&#1605;&#1603;&#1578;&#1576;&#1577; &#1575;&#1604;&#1606;&#1607;&#1590;&#1577;</subfield><subfield code="c">[1964]</subfield></datafield><datafield ind1=" " ind2=" " tag="959"><subfield code="a">NNU</subfield><subfield code="b">WEB</subfield><subfield code="c">GENI</subfield><subfield code="t">0</subfield><subfield code="m">Electronic access</subfield><subfield code="s">01</subfield></datafield><datafield ind1=" " ind2=" " tag="999"><subfield code="i">NNC_3071401</subfield><subfield code="o">(OCoLC)ocm13079258 </subfield><subfield code="s">columbia_aco000449</subfield><subfield code="e">(ERROR-880)</subfield></datafield></record>